@misc{dospuRes21,
    author = {Directorio DOSPU},
    title = {Resolución Nro. 21D/21},
    year = {2021},
}

@inproceedings{sampol2019sistema,
    title = {Un sistema operacional mejorado con el uso de un motor de reglas de
             negocio: el caso SENASA},
    author = {Sampol, Mariano and Beltramino, Guillermo and Arellano, Matias and
              Baz{\'a}n, Patricia},
    booktitle = {XIII Simposio de Inform{\'a}tica en el Estado (SIE 2019)-JAIIO
                 48 (Salta)},
    year = {2019},
}


@inproceedings{medic2019calculation,
    title = {Calculation of Insurance Policy Prices Using Rules-based Systems},
    author = {Medi{\'c}, Mina and Preradov, Katarina and Zari{\'c}, Miroslav and
              Sladi{\'c}, Goran and Nikoli{\'c}, Sini{\v{s}}a},
    booktitle = {Proceedings of the 9th International Conference on Information
                 Society and Technology},
    pages = {187--191},
    year = {2019},
}

@thesis{Vela2024,
    author = {Agustin Vela Luengo},
    title = {Un Sistema Informático de Expendio de Órdenes para DOSPU},
    type = {Trabajo integrador final},
    institution = {Universidad Nacional de San Luis},
    year = {2024},
}

@misc{CSOrd53,
    author = {Consejo Superior de la Universidad de San Luis},
    title = {Ordenanza C.S. Nro. 53D/16},
    year = {2016},
}

@online{postgreFeatures,
    author = {{PostgreSQL Global Development Group}},
    title = {Feature Matrix},
    year = {2025},
    url = {https://www.postgresql.org/about/featurematrix/},
    note = {Último acceso: 03/07/2025},
}

@book{sonatypeMaven,
    author = {Sonatype Company},
    title = {Maven: The Definitive Guide},
    year = {2008},
    publisher = {O'Reilly Media, Inc},
    isbn = {9780596551780},
}

@online{devSurvey2024,
    author = {Stack Overflow},
    title = {2024 Developer Survey},
    year = {2024},
    url = {https://survey.stackoverflow.co/2024/},
    note = {Accedido: 04/07/2025},
}

@book{eckelJava,
    author = {Bruce Eckel},
    title = {Thinking in Java, 4th Edition},
    year = {2006},
    pages = {23},
    publisher = {Prentice Hall; 4 edition},
    isbn = {9780131872486},
}

@book{gommaModeling,
    author = {Hassan Gomaa},
    title = {Software Modeling and Design: UML, Use Cases, Patterns, and
             Software Architectures},
    publisher = {Cambridge University Press},
    year = {2011},
    isbn = {978-0-521-76414-8},
}

@book{fowlerPatterns,
    author = {Martin Fowler},
    title = {Patterns of Enterprise Application Architecture},
    publisher = {Addison-Wesley Professional},
    year = {2002},
    isbn = {978-0321127426},
}


@book{dockerUpRunning,
    author = {Matthias, Karl and Kane, Sean P.},
    title = {Docker: Up \& Running},
    year = {2015},
    isbn = {1491917571},
    publisher = {O'Reilly Media, Inc.},
    edition = {1st},
}

@online{angularJSDiscontinued,
    author = {Google},
    title = {Version Support Status},
    year = {2022},
    url = {https://docs.angularjs.org/misc/version-support-status},
    note = {Accedido: 06/07/2025},
    organization = {AngularJS},
}

@techreport{w3cHTML,
    title = {HTML 4.01 Specification},
    editor = {Dave Raggett, Arnaud Le Hors, Ian Jacobs},
    institution = {World Wide Web Consortium (W3C)},
    number = {SPSD-html401-20180327},
    year = {2018},
    url = {https://www.w3.org/TR/2018/SPSD-html401-20180327/},
    note = {Accedido: 04/07/2025},
}

@book{duckettHTMLCSS,
    author = {Duckett, Jon},
    title = {HTML and CSS: Design and Build Websites},
    year = {2011},
    publisher = {John Wiley \& Sons},
    edition = {1st},
    isbn = {9781118008188},
}

@techreport{w3cCSS,
    title = {CSS Cascading and Inheritance Level 4},
    editor = {Elika J. Etemad, Tab Atkins Jr.},
    institution = {World Wide Web Consortium (W3C)},
    type = {W3C Candidate Recommendation},
    number = {css-cascade-4},
    year = {2023},
    month = sep,
    url = {https://www.w3.org/TR/css-cascade-4/},
    note = {Accedido: 04/07/2025},
}

@techreport{ecmascript,
    title = {ECMAScript Language Specification},
    editor = { Shu-yu Guo, Michael Ficarra, Kevin Gibbons },
    institution = {Ecma International},
    number = {ECMA-262},
    url = {https://tc39.es/ecma262/},
    note = {Estándar actual. Accedido: 04/07/2025},
}

@manual{gitDocs,
    title = {Git Documentation},
    author = {The Git Project},
    organization = {Software Freedom Conservancy},
    year = {2025},
    url = {https://git-scm.com/docs/git},
    note = {Último acceso: 06/07/2025},
}

@online{mockitoFeatures,
    author = {Mockito Contributors},
    title = {Features and Motivations},
    year = {2019},
    url = {https://github.com/mockito/mockito/wiki/Features-And-Motivations},
    note = {Último acceso: 06/04/2025},
}

@online{ibmContainerization,
    author = {Stephanie Susnjara},
    title = {¿Qué es la contenedorización?},
    year = {2024},
    url = {https://www.ibm.com/es-es/think/topics/containerization},
    note = {Último acceso: 06/07/2025},
}

@misc{dospuRes31,
    author = {Directorio DOSPU},
    title = {Resolución Nro. 31D/17},
    year = {2017},
}

@misc{dospuRes43,
    author = {Directorio DOSPU},
    title = {Resolución Nro. 43D/18},
    year = {2018},
}

@misc{dospuRes71,
    author = {Directorio DOSPU},
    title = {Resolución Nro. 71D/20},
    year = {2020},
}


@misc{dospuRes7,
    author = {Directorio DOSPU},
    title = {Resolución Nro. 7D/21},
    year = {2021},
}

@misc{dospuRes60,
    author = {Directorio DOSPU},
    title = {Resolución Nro. 60},
    year = {2022},
}

@misc{CSOrd17,
    author = {Consejo Superior de la Universidad de San Luis},
    title = {Ordenanza C.S. Nro. 17D/22},
    year = {2016},
}

@book{SullivanHaskell2008,
    author = {Bryan O'Sullivan, Don Stewart, and John Goerzen},
    title = {Real World Haskell},
    year = {2009},
    publisher = {O'Reilly Media, Inc},
    chapter = {14},
    isbn = {978-0596514983.},
}

@article{li2021health,
    title = {Health Care 4.0: A vision for smart and connected health care},
    author = {Li, Jingshan and Carayon, Pascale},
    journal = {IISE Transactions on Healthcare Systems Engineering},
    volume = {11},
    number = {3},
    pages = {171--180},
    year = {2021},
    publisher = {Taylor \& Francis},
}

@online{openl-decision-table,
    title = {OpenL Tablets BRMS Reference Guide: Decision Table},
    author = {OpenL Tablets Team},
    year = {s.f.},
    url = {
           https://openldocs.readthedocs.io/en/latest/documentation/guides/reference_guide/#decision-table
           },
    note = {Último acceso: 22/07/2025},
}

@online{openl-configuration-table,
    title = {OpenL Tablets BRMS Reference Guide: Configuration Table},
    author = {OpenL Tablets Team},
    year = {s.f.},
    url = {
           https://openldocs.readthedocs.io/en/latest/documentation/guides/reference_guide/#configuration-table
           },
    note = {Último acceso: 22/07/2025},
}

@online{openl-lookup-table,
    title = {OpenL Tablets BRMS Reference Guide: Simple and Smart Lookup Tables},
    author = {OpenL Tablets Team},
    year = {s.f.},
    url = {
           https://openldocs.readthedocs.io/en/latest/documentation/guides/reference_guide/#simple-and-smart-lookup-tables
           },
    note = {Último acceso: 22/07/2025},
}

@online{openl-bex,
    title = {OpenL Tablets BRMS Reference Guide: Bex Language Overview},
    author = {OpenL Tablets Team},
    year = {s.f.},
    url = {
           https://openldocs.readthedocs.io/en/latest/documentation/guides/reference_guide/#appendix-a-bex-language-overview
           },
    note = {Último acceso: 22/07/2025},
}

@article{proctor2012drools,
    title = {Drools: a rule engine for complex event processing},
    author = {Proctor, Mark},
    journal = {Applications of Graph Transformations with Industrial Relevance},
    volume = {7233},
    pages = {2--2},
    year = {2012},
    publisher = {Springer Heidelberg},
}

@online{qusay2005jsr94,
    author = {Qusay H. Mahmoud},
    title = {Getting Started With the Java Rule Engine API (JSR 94): Toward
             Rule-Based Applications},
    year = {2005},
    url = {
           https://www.oracle.com/technical-resources/articles/javase/javarule.html
           },
    note = {Último acceso: 29/07/2025},
    organization = {Oracle},
}

@online{rulebook,
    author = {Delivered Technologies},
    title = {RuleBook},
    year = {2018},
    url = {https://github.com/deliveredtechnologies/rulebook},
    note = {Último acceso: 29/07/2025},
}

@online{easy-rules,
    author = {Jeasy},
    title = {Easy Rules},
    year = {2020},
    url = {https://github.com/j-easy/easy-rules},
    note = {Último acceso: 29/07/2025},
}

@online{fowler2009rulesengine,
    author = {Martin Fowler},
    title = {RulesEngine},
    year = {2009},
    url = {https://martinfowler.com/bliki/RulesEngine.html},
    note = {Último acceso: 29/07/2025},
}

@book{hemmer2007expert-systems,
    author = {Markus C. Hemmer},
    title = {Expert Systems in Chemistry Research},
    year = {2007},
    publisher = {CRC Press},
    edition = {illustrated},
    isbn = {9781420053241},
    pages = {47},
}

% en 2006 se hizo el ultimo release
@online{jess2005rete,
    author = {Sandia National Laboratories},
    title = {The Rete Algorithm},
    year = {2006},
    url = {http://alvarestech.com/temp/fuzzyjess/Jess60/Jess70b7/docs/rete.html},
    note = {Último acceso: 29/07/2025},
}

@online{drools,
    author = {Drools Project},
    title = {Introduction},
    year = {2024},
    url = {
           https://docs.drools.org/8.44.0.Final/drools-docs/drools/introduction/index.html
           },
    note = {Último acceso: 29/07/2025},
}

@online{openl-reference,
    author = {OpenL Tablets Team},
    title = {OpenL Tablets BRMS Reference Guide},
    year = {2025},
    url = {
           https://openldocs.readthedocs.io/en/latest/documentation/guides/reference_guide/
           },
    note = {Último acceso: 29/07/2025},
}

@online{openl-sourceforge,
    author = {OpenL Tablets Team},
    title = {OpenL Tablets},
    year = {2023},
    url = {https://sourceforge.net/projects/openl-tablets/},
    note = {Publicado en SourceForge. Último acceso: 29/07/2025},
}

@online{openl2008v5,
    author = {OpenL Tablets Team},
    title = {Release Notes v5.0.5},
    year = {2008},
    url = {https://openl-tablets.org/release-notes?ver=5.0.5},
    note = {Último acceso: 29/07/2025},
}

@book{fogus2013functional,
    author = {Michael Fogus},
    title = { Functional JavaScript: Introducing Functional Programming with
             Underscore.js },
    year = {2013},
    publisher = {O'Reilly Media, Inc},
    isbn = {9781449360795},
    pages = {1},
}

@book{mertz2018functional,
    author = { David Mertz },
    title = {Functional Programming In Python},
    year = {2018},
    publisher = {CreateSpace Independent Publishing Platform},
    isbn = {9781985826748},
}
